<record><leader>00000cas a2200000 a 4500</leader><controlfield tag="001">27321411</controlfield><controlfield tag="008">930126d188019uucauwr ne      0    0eng c</controlfield><datafield ind1=" " ind2=" " tag="010"><subfield code="a">sn 92068950 </subfield></datafield><datafield ind1=" " ind2=" " tag="040"><subfield code="a">CUY</subfield><subfield code="b">eng</subfield><subfield code="c">CNK</subfield><subfield code="d">OCLCQ</subfield><subfield code="d">ZAP</subfield><subfield code="d">CNK</subfield><subfield code="d">OCLCQ</subfield><subfield code="d">OCLCF</subfield><subfield code="d">OCLCO</subfield></datafield><datafield ind1="1" ind2=" " tag="029"><subfield code="a">AU@</subfield><subfield code="b">000020753765</subfield></datafield><datafield ind1=" " ind2=" " tag="042"><subfield code="a">pcc</subfield></datafield><datafield ind1=" " ind2=" " tag="043"><subfield code="a">n-us-ca</subfield></datafield><datafield ind1="0" ind2=" " tag="130"><subfield code="a">Georgetown gazette (Georgetown, Calif.)</subfield></datafield><datafield ind1="1" ind2="4" tag="245"><subfield code="a">The Georgetown gazette.</subfield></datafield><datafield ind1=" " ind2=" " tag="260"><subfield code="a">Georgetown, Calif. :</subfield><subfield code="b">H.W. Hulbert</subfield></datafield><datafield ind1=" " ind2=" " tag="300"><subfield code="a">v.</subfield></datafield><datafield ind1=" " ind2=" " tag="310"><subfield code="a">Weekly</subfield></datafield><datafield ind1="0" ind2=" " tag="362"><subfield code="a">Vol. 1, no. 1 (Apr. 9, 1880)-</subfield></datafield><datafield ind1=" " ind2=" " tag="515"><subfield code="a">Publication suspended: July 30-Sept. 11, 1886; Aug. 31-Sept. 21, 1893; Sept. 21, 1922-June 14, 1923; May 8, 1924-Aug. 25, 1933, Sept. 13, 1935.</subfield></datafield><datafield ind1=" " ind2=" " tag="530"><subfield code="a">Master negatives are available for duplication from:</subfield><subfield code="b">California Newspaper Microfilm Archive;</subfield><subfield code="c">for further information consult the CNMA at:</subfield><subfield code="u">http://cbsr.ucr.edu</subfield></datafield><datafield ind1=" " ind2="0" tag="651"><subfield code="a">El Dorado County (Calif.)</subfield><subfield code="v">Newspapers.</subfield></datafield><datafield ind1=" " ind2="0" tag="651"><subfield code="a">Georgetown (Calif.)</subfield><subfield code="v">Newspapers.</subfield></datafield><datafield ind1=" " ind2="7" tag="655"><subfield code="a">Newspapers.</subfield><subfield code="2">fast</subfield><subfield code="0">(OCoLC)fst01423814</subfield></datafield><datafield ind1=" " ind2="7" tag="651"><subfield code="a">California</subfield><subfield code="z">El Dorado County.</subfield><subfield code="2">fast</subfield><subfield code="0">(OCoLC)fst01214431</subfield></datafield><datafield ind1=" " ind2="7" tag="651"><subfield code="a">California</subfield><subfield code="z">Georgetown.</subfield><subfield code="2">fast</subfield><subfield code="0">(OCoLC)fst01264255</subfield></datafield><datafield ind1=" " ind2=" " tag="752"><subfield code="a">United States</subfield><subfield code="b">California</subfield><subfield code="c">El Dorado</subfield><subfield code="d">Georgetown.</subfield></datafield></record>